@misc{ros_site,
    title           = "{R}obot {O}perating {S}ystem",
    howpublished    = "\url{http://ros.org/}"
}

@conference{ccny_rgbd,
    title           = "Fast Visual Odometry and Mapping from {RGB-D} Data",
    booktitle       = "International Conference on Robotics and Automation (ICRA2013)",
    author          = "Ivan Dryanovski and Roberto G. Valenti and Jizhong Xiao",
    year            = "2013"
}

@article{erlang,
    author          = {Armstrong, Joe},
    title           = {Erlang},
    journal         = {Commun. ACM},
    issue_date      = {September 2010},
    volume          = {53},
    number          = {9},
    month           = sep,
    year            = {2010},
    issn            = {0001-0782},
    pages           = {68--75},
    numpages        = {8},
    url             = {http://doi.acm.org/10.1145/1810891.1810910},
    doi             = {10.1145/1810891.1810910},
    acmid           = {1810910},
    publisher       = {ACM},
    address         = {New York, NY, USA},
}

@misc{torobot_manual,
    title           = "Servo Controller Instructions",
    author          = "Torobot",
    howpublished    = "\url{http://www.torobot.com/down/usc_en.pdf}"
}